@incollection{Bengio+chapter2007,
    author = {Bengio, Yoshua and LeCun, Yann},
    booktitle = {Large Scale Kernel Machines},
    publisher = {MIT Press},
    title = {Scaling Learning Algorithms Towards {AI}},
    year = {2007}
}

@inproceedings{zhou2004regularization,
	title={A regularization framework for learning from graph data},
	author={Zhou, Dengyong and Sch{\"o}lkopf, Bernhard},
	booktitle={ICML 2004 Workshop on Statistical Relational Learning and Its Connections to Other Fields (SRL 2004)},
	pages={132--137},
	year={2004}
}

@article{dong2016learning,
	title={Learning Laplacian matrix in smooth graph signal representations},
	author={Dong, Xiaowen and Thanou, Dorina and Frossard, Pascal and Vandergheynst, Pierre},
	journal={IEEE Transactions on Signal Processing},
	volume={64},
	number={23},
	pages={6160--6173},
	year={2016},
	publisher={IEEE}
}

@article{deri2017spectral,
	title={Spectral projector-based graph Fourier transforms},
	author={Deri, Joya A and Moura, Jos{\'e} MF},
	journal={IEEE Journal of Selected Topics in Signal Processing},
	volume={11},
	number={6},
	pages={785--795},
	year={2017},
	publisher={IEEE}
}

@article{ortega2018graph,
	title={Graph signal processing: Overview, challenges, and applications},
	author={Ortega, Antonio and Frossard, Pascal and Kova{\v{c}}evi{\'c}, Jelena and Moura, Jos{\'e} MF and Vandergheynst, Pierre},
	journal={Proceedings of the IEEE},
	volume={106},
	number={5},
	pages={808--828},
	year={2018},
	publisher={IEEE}
}

@article{wu2019comprehensive,
	title={A comprehensive survey on graph neural networks},
	author={Wu, Zonghan and Pan, Shirui and Chen, Fengwen and Long, Guodong and Zhang, Chengqi and Yu, Philip S},
	journal={arXiv preprint arXiv:1901.00596},
	year={2019}
}

@article{paszke2017automatic,
	title={Automatic differentiation in pytorch},
	author={Paszke, Adam and Gross, Sam and Chintala, Soumith and Chanan, Gregory and Yang, Edward and DeVito, Zachary and Lin, Zeming and Desmaison, Alban and Antiga, Luca and Lerer, Adam},
	year={2017}
}
@article{vinyals2015order,
	title={Order matters: Sequence to sequence for sets},
	author={Vinyals, Oriol and Bengio, Samy and Kudlur, Manjunath},
	journal={arXiv preprint arXiv:1511.06391},
	year={2015}
}
@inproceedings{simonovsky2017dynamic,
	title={Dynamic edge-conditioned filters in convolutional neural networks on graphs},
	author={Simonovsky, Martin and Komodakis, Nikos},
	booktitle={Proceedings of the IEEE conference on computer vision and pattern recognition},
	pages={3693--3702},
	year={2017}
}

@inproceedings{palowitch2020debiasing,
  title={Debiasing graph representations via metadata-orthogonal training},
  author={Palowitch, John and Perozzi, Bryan},
  booktitle={2020 IEEE/ACM International Conference on Advances in Social Networks Analysis and Mining (ASONAM)},
  pages={435--442},
  year={2020},
  organization={IEEE}
}

@inproceedings{lee2018graph,
	title={Graph classification using structural attention},
	author={Lee, John Boaz and Rossi, Ryan and Kong, Xiangnan},
	booktitle={Proceedings of the 24th ACM SIGKDD International Conference on Knowledge Discovery \& Data Mining},
	pages={1666--1674},
	year={2018},
	organization={ACM}
}
@inproceedings{li2018deeper,
	title={Deeper insights into graph convolutional networks for semi-supervised learning},
	author={Li, Qimai and Han, Zhichao and Wu, Xiao-Ming},
	booktitle={Thirty-Second AAAI Conference on Artificial Intelligence},
	year={2018}
}
@inproceedings{xu2018how,
	title={How Powerful are Graph Neural Networks?},
	author={Keyulu Xu and Weihua Hu and Jure Leskovec and Stefanie Jegelka},
	booktitle={International Conference on Learning Representations},
	year={2019},
	url={https://openreview.net/forum?id=ryGs6iA5Km},
}
@article{chamberlain2022graph,
  title={Graph neural networks for link prediction with subgraph sketching},
  author={Chamberlain, Benjamin Paul and Shirobokov, Sergey and Rossi, Emanuele and Frasca, Fabrizio and Markovich, Thomas and Hammerla, Nils and Bronstein, Michael M and Hansmire, Max},
  journal={International Conference on Learning Representations},
  year={2023}
}
@inproceedings{morris2019weisfeiler,
  title={Weisfeiler and leman go neural: Higher-order graph neural networks},
  author={Morris, Christopher and Ritzert, Martin and Fey, Matthias and Hamilton, William L and Lenssen, Jan Eric and Rattan, Gaurav and Grohe, Martin},
  booktitle={Proceedings of the AAAI conference on artificial intelligence},
  volume={33},
  number={01},
  pages={4602--4609},
  year={2019}
}
@article{bouritsas2022improving,
  title={Improving graph neural network expressivity via subgraph isomorphism counting},
  author={Bouritsas, Giorgos and Frasca, Fabrizio and Zafeiriou, Stefanos and Bronstein, Michael M},
  journal={IEEE Transactions on Pattern Analysis and Machine Intelligence},
  volume={45},
  number={1},
  pages={657--668},
  year={2022},
  publisher={IEEE}
}
@article{gao2019graph,
	title={Graph U-Nets},
	author={Gao, Hongyang and Ji, Shuiwang},
	journal={arXiv preprint arXiv:1905.05178},
	year={2019}
}
@article{lee2019self,
	title={Self-Attention Graph Pooling},
	author={Lee, Junhyun and Lee, Inyeop and Kang, Jaewoo},
	journal={arXiv preprint arXiv:1904.08082},
	year={2019}
}
@article{knyazev2019understanding,
	title={Understanding attention in graph neural networks},
	author={Knyazev, Boris and Taylor, Graham W and Amer, Mohamed R},
	journal={arXiv preprint arXiv:1905.02850},
	year={2019}
}
@article{velickovic2018graph,
	title="{Graph Attention Networks}",
	author={Veli{\v{c}}kovi{\'{c}}, Petar and Cucurull, Guillem and Casanova, Arantxa and Romero, Adriana and Li{\`{o}}, Pietro and Bengio, Yoshua},
	journal={International Conference on Learning Representations},
	year={2018},
	url={https://openreview.net/forum?id=rJXMpikCZ},
}
@inproceedings{gilmer2017neural,
	title={Neural message passing for quantum chemistry},
	author={Gilmer, Justin and Schoenholz, Samuel S and Riley, Patrick F and Vinyals, Oriol and Dahl, George E},
	booktitle={Proceedings of the 34th International Conference on Machine Learning-Volume 70},
	pages={1263--1272},
	year={2017},
	organization={JMLR. org}
}
@inproceedings{kang2020inform,
  title={Inform: Individual fairness on graph mining},
  author={Kang, Jian and He, Jingrui and Maciejewski, Ross and Tong, Hanghang},
  booktitle={Proceedings of the 26th ACM SIGKDD international conference on knowledge discovery \& data mining},
  pages={379--389},
  year={2020}
}
@inproceedings{gasteiger2018combining,
    title={Combining Neural Networks with Personalized PageRank for Classification on Graphs},
    author={Johannes Gasteiger and Aleksandar Bojchevski and Stephan GÃ¼nnemann},
    booktitle={International Conference on Learning Representations},
    year={2019},
    url={https://openreview.net/forum?id=H1gL-2A9Ym},
}
@inproceedings{ying2018hierarchical,
	title={Hierarchical graph representation learning with differentiable pooling},
	author={Ying, Zhitao and You, Jiaxuan and Morris, Christopher and Ren, Xiang and Hamilton, Will and Leskovec, Jure},
	booktitle={Advances in Neural Information Processing Systems},
	pages={4800--4810},
	year={2018}
}
@article{cangea2018towards,
	title={Towards sparse hierarchical graph classifiers},
	author={Cangea, C{\u{a}}t{\u{a}}lina and Veli{\v{c}}kovi{\'c}, Petar and Jovanovi{\'c}, Nikola and Kipf, Thomas and Li{\`o}, Pietro},
	journal={arXiv preprint arXiv:1811.01287},
	year={2018}
}
@inproceedings{xu2018representation,
	title={Representation learning on graphs with jumping knowledge networks},
	author={Xu, Keyulu and Li, Chengtao and Tian, Yonglong and Sonobe, Tomohiro and Kawarabayashi, Ken-ichi and Jegelka, Stefanie},
	booktitle={International Conference on Machine Learning},
	pages={5453--5462},
	year={2018},
	organization={PMLR}
}
@article{kingma2014adam,
	title={Adam: A method for stochastic optimization},
	author={Kingma, Diederik P and Ba, Jimmy},
	journal={arXiv preprint arXiv:1412.6980},
	year={2014}
}
@inproceedings{Fey/Lenssen/2019,
	title={Fast Graph Representation Learning with {PyTorch Geometric}},
	author={Fey, Matthias and Lenssen, Jan E.},
	booktitle={ICLR Workshop on Representation Learning on Graphs and Manifolds},
	year={2019},
}
@article{fey2019fast,
	title={Fast graph representation learning with PyTorch Geometric},
	author={Fey, Matthias and Lenssen, Jan Eric},
	journal={arXiv preprint arXiv:1903.02428},
	year={2019}
}
@article{diehl2019edge,
	title={Edge Contraction Pooling for Graph Neural Networks},
	author={Diehl, Frederik},
	journal={arXiv preprint arXiv:1905.10990},
	year={2019}
}
@article{hamilton2017representation,
	title={Representation learning on graphs: Methods and applications},
	author={Hamilton, William L and Ying, Rex and Leskovec, Jure},
	journal={arXiv preprint arXiv:1709.05584},
	year={2017}
}
@article{li2015gated,
	title={Gated graph sequence neural networks},
	author={Li, Yujia and Tarlow, Daniel and Brockschmidt, Marc and Zemel, Richard},
	journal={arXiv preprint arXiv:1511.05493},
	year={2015}
}
@inproceedings{hamilton2017inductive,
	title={Inductive representation learning on large graphs},
	author={Hamilton, Will and Ying, Zhitao and Leskovec, Jure},
	booktitle={Advances in Neural Information Processing Systems},
	pages={1024--1034},
	year={2017}
}
@inproceedings{kipf2017semi,
	title={Semi-Supervised Classification with Graph Convolutional Networks},
	author={Kipf, Thomas N. and Welling, Max},
	booktitle={International Conference on Learning Representations (ICLR)},
	year={2017}
}
@article{bahdanau2014neural,
	title={Neural machine translation by jointly learning to align and translate},
	author={Bahdanau, Dzmitry and Cho, Kyunghyun and Bengio, Yoshua},
	journal={arXiv preprint arXiv:1409.0473},
	year={2014}
}
@article{gehring2016convolutional,
	title={A convolutional encoder model for neural machine translation},
	author={Gehring, Jonas and Auli, Michael and Grangier, David and Dauphin, Yann N},
	journal={arXiv preprint arXiv:1611.02344},
	year={2016}
}
@inproceedings{dai2016discriminative,
	title={Discriminative embeddings of latent variable models for structured data},
	author={Dai, Hanjun and Dai, Bo and Song, Le},
	booktitle={International conference on machine learning},
	pages={2702--2711},
	year={2016}
}
@inproceedings{niepert2016learning,
	title={Learning convolutional neural networks for graphs},
	author={Niepert, Mathias and Ahmed, Mohamed and Kutzkov, Konstantin},
	booktitle={International Conference on Machine Learning},
	pages={2014--2023},
	year={2016}
}
@inproceedings{monti2017geometric,
	title={Geometric deep learning on graphs and manifolds using mixture model cnns},
	author={Monti, Federico and Boscaini, Davide and Masci, Jonathan and Rodola, Emanuele and Svoboda, Jan and Bronstein, Michael M},
	booktitle={Proceedings of the IEEE Conference on Computer Vision and Pattern Recognition},
	pages={5115--5124},
	year={2017}
}
@inproceedings{fey2018splinecnn,
	title={SplineCNN: Fast geometric deep learning with continuous B-spline kernels},
	author={Fey, Matthias and Eric Lenssen, Jan and Weichert, Frank and M{\"u}ller, Heinrich},
	booktitle={Proceedings of the IEEE Conference on Computer Vision and Pattern Recognition},
	pages={869--877},
	year={2018}
}
@inproceedings{mrowca2018flexible,
	title={Flexible neural representation for physics prediction},
	author={Mrowca, Damian and Zhuang, Chengxu and Wang, Elias and Haber, Nick and Fei-Fei, Li F and Tenenbaum, Josh and Yamins, Daniel L},
	booktitle={Advances in Neural Information Processing Systems},
	pages={8799--8810},
	year={2018}
}
@inproceedings{zhang2018end,
	title={An end-to-end deep learning architecture for graph classification},
	author={Zhang, Muhan and Cui, Zhicheng and Neumann, Marion and Chen, Yixin},
	booktitle={Thirty-Second AAAI Conference on Artificial Intelligence},
	year={2018}
}
@inproceedings{shervashidze2009efficient,
	title={Efficient graphlet kernels for large graph comparison},
	author={Shervashidze, Nino and Vishwanathan, SVN and Petri, Tobias and Mehlhorn, Kurt and Borgwardt, Karsten},
	booktitle={Artificial Intelligence and Statistics},
	pages={488--495},
	year={2009}
}
@article{shervashidze2011weisfeiler,
	title={Weisfeiler-lehman graph kernels},
	author={Shervashidze, Nino and Schweitzer, Pascal and Leeuwen, Erik Jan van and Mehlhorn, Kurt and Borgwardt, Karsten M},
	journal={Journal of Machine Learning Research},
	volume={12},
	number={Sep},
	pages={2539--2561},
	year={2011}
}
@inproceedings{xinyi2018capsule,
	title={Capsule Graph Neural Network},
	author={Zhang Xinyi and Lihui Chen},
	booktitle={International Conference on Learning Representations},
	year={2019},
	url={https://openreview.net/forum?id=Byl8BnRcYm},
}
@article{verma2018graph,
	title={Graph capsule convolutional neural networks},
	author={Verma, Saurabh and Zhang, Zhi-Li},
	journal={arXiv preprint arXiv:1805.08090},
	year={2018}
}
@inproceedings{ivanov2018anonymous,
	title={Anonymous walk embeddings},
	author={Ivanov, Sergey and Burnaev, Evgeny},
	booktitle={International conference on machine learning},
	pages={2186--2195},
	year={2018},
	organization={PMLR}
}
@inproceedings{duvenaud2015convolutional,
	title={Convolutional networks on graphs for learning molecular fingerprints},
	author={Duvenaud, David K and Maclaurin, Dougal and Iparraguirre, Jorge and Bombarell, Rafael and Hirzel, Timothy and Aspuru-Guzik, Al{\'a}n and Adams, Ryan P},
	booktitle={Advances in neural information processing systems},
	pages={2224--2232},
	year={2015}
}
@article{bruna2013spectral,
	title={Spectral networks and locally connected networks on graphs},
	author={Bruna, Joan and Zaremba, Wojciech and Szlam, Arthur and LeCun, Yann},
	journal={arXiv preprint arXiv:1312.6203},
	year={2013}
}
@article{ramakrishnan2014quantum,
	title={Quantum chemistry structures and properties of 134 kilo molecules},
	author={Ramakrishnan, Raghunathan and Dral, Pavlo O and Rupp, Matthias and Von Lilienfeld, O Anatole},
	journal={Scientific data},
	volume={1},
	pages={140022},
	year={2014},
	publisher={Nature Publishing Group}
}
@article{wu2018moleculenet,
	title={MoleculeNet: a benchmark for molecular machine learning},
	author={Wu, Zhenqin and Ramsundar, Bharath and Feinberg, Evan N and Gomes, Joseph and Geniesse, Caleb and Pappu, Aneesh S and Leswing, Karl and Pande, Vijay},
	journal={Chemical science},
	volume={9},
	number={2},
	pages={513--530},
	year={2018},
	publisher={Royal Society of Chemistry}
}
@inproceedings{yanardag2015deep,
	title={Deep graph kernels},
	author={Yanardag, Pinar and Vishwanathan, SVN},
	booktitle={Proceedings of the 21th ACM SIGKDD International Conference on Knowledge Discovery and Data Mining},
	pages={1365--1374},
	year={2015},
	organization={ACM}
}
@article{vishwanathan2010graph,
	title={Graph kernels},
	author={Vishwanathan, S Vichy N and Schraudolph, Nicol N and Kondor, Risi and Borgwardt, Karsten M},
	journal={Journal of Machine Learning Research},
	volume={11},
	number={Apr},
	pages={1201--1242},
	year={2010}
}
@article{neumann2016propagation,
	title={Propagation kernels: efficient graph kernels from propagated information},
	author={Neumann, Marion and Garnett, Roman and Bauckhage, Christian and Kersting, Kristian},
	journal={Machine Learning},
	volume={102},
	number={2},
	pages={209--245},
	year={2016},
	publisher={Springer}
}
@inproceedings{verma2017hunt,
	title={Hunt for the unique, stable, sparse and fast feature learning on graphs},
	author={Verma, Saurabh and Zhang, Zhi-Li},
	booktitle={Advances in Neural Information Processing Systems},
	pages={88--98},
	year={2017}
}
@inproceedings{atwood2016diffusion,
	title={Diffusion-convolutional neural networks},
	author={Atwood, James and Towsley, Don},
	booktitle={Advances in Neural Information Processing Systems},
	pages={1993--2001},
	year={2016}
}
@inproceedings{maron2019provably,
	title={Provably Powerful Graph Networks},
	author={Maron, Haggai and Ben-Hamu, Heli and Serviansky, Hadar and Lipman, Yaron},
	booktitle={Proceedings of the 33rd International Conference on Neural Information Processing Systems},
	pages={2156--2167},
	year={2019}
}
@inproceedings{li2019semi,
	title={Semi-Supervised Graph Classification: A Hierarchical Graph Perspective},
	author={Li, Jia and Rong, Yu and Cheng, Hong and Meng, Helen and Huang, Wenbing and Huang, Junzhou},
	booktitle={The World Wide Web Conference},
	pages={972--982},
	year={2019},
	organization={ACM}
}
@article{zhou2018graph,
	title={Graph neural networks: A review of methods and applications},
	author={Zhou, Jie and Cui, Ganqu and Zhang, Zhengyan and Yang, Cheng and Liu, Zhiyuan and Wang, Lifeng and Li, Changcheng and Sun, Maosong},
	journal={arXiv preprint arXiv:1812.08434},
	year={2018}
}
@inproceedings{chami2019hyperbolic,
	title={Hyperbolic graph convolutional neural networks},
	author={Chami, Ines and Ying, Zhitao and R{\'e}, Christopher and Leskovec, Jure},
	booktitle={Advances in Neural Information Processing Systems},
	pages={4869--4880},
	year={2019}
}
@inproceedings{liu2019hyperbolic,
	title={Hyperbolic graph neural networks},
	author={Liu, Qi and Nickel, Maximilian and Kiela, Douwe},
	booktitle={Advances in Neural Information Processing Systems},
	pages={8228--8239},
	year={2019}
}
@misc{ying2019gnnexplainer,
	title={{GNNExplainer}: Generating Explanations for Graph Neural Networks},
	author={Rex Ying and Dylan Bourgeois and Jiaxuan You and Marinka Zitnik and Jure Leskovec},
	year={2019},
	eprint={1903.03894},
	archivePrefix={arXiv},
	primaryClass={cs.LG}
}
@article{bronstein2017geometric,
	title={Geometric deep learning: going beyond euclidean data},
	author={Bronstein, Michael M and Bruna, Joan and LeCun, Yann and Szlam, Arthur and Vandergheynst, Pierre},
	journal={IEEE Signal Processing Magazine},
	volume={34},
	number={4},
	pages={18--42},
	year={2017},
	publisher={IEEE}
}
@inproceedings{laclau2021all,
  title={All of the fairness for edge prediction with optimal transport},
  author={Laclau, Charlotte and Redko, Ievgen and Choudhary, Manvi and Largeron, Christine},
  booktitle={International Conference on Artificial Intelligence and Statistics},
  pages={1774--1782},
  year={2021},
  organization={PMLR}
}
@inproceedings{li2021dyadic,
  title={On dyadic fairness: Exploring and mitigating bias in graph connections},
  author={Li, Peizhao and Wang, Yifei and Zhao, Han and Hong, Pengyu and Liu, Hongfu},
  booktitle={International Conference on Learning Representations},
  year={2021}
}
@article{ruddigkeit2012enumeration,
	title={Enumeration of 166 billion organic small molecules in the chemical universe database GDB-17},
	author={Ruddigkeit, Lars and Van Deursen, Ruud and Blum, Lorenz C and Reymond, Jean-Louis},
	journal={Journal of chemical information and modeling},
	volume={52},
	number={11},
	pages={2864--2875},
	year={2012},
	publisher={ACS Publications}
}
@inproceedings{vaswani2017attention,
	title={Attention is all you need},
	author={Vaswani, Ashish and Shazeer, Noam and Parmar, Niki and Uszkoreit, Jakob and Jones, Llion and Gomez, Aidan N and Kaiser, {\L}ukasz and Polosukhin, Illia},
	booktitle={Advances in neural information processing systems},
	pages={5998--6008},
	year={2017}
}
@inproceedings{huang2019attpool,
	title={AttPool: Towards Hierarchical Feature Representation in Graph Convolutional Networks via Attention Mechanism},
	author={Huang, Jingjia and Li, Zhangheng and Li, Nannan and Liu, Shan and Li, Ge},
	booktitle={Proceedings of the IEEE International Conference on Computer Vision},
	pages={6480--6489},
	year={2019}
}
@inproceedings{corso2020pna,
	title = {Principal Neighbourhood Aggregation for Graph Nets},
	author = {Corso, Gabriele and Cavalleri, Luca and Beaini, Dominique and Li\`{o}, Pietro and Veli\v{c}kovi\'{c}, Petar},
	booktitle = {Advances in Neural Information Processing Systems},
	year = {2020}
}
@article{maron2018invariant,
	title={Invariant and equivariant graph networks},
	author={Maron, Haggai and Ben-Hamu, Heli and Shamir, Nadav and Lipman, Yaron},
	journal={arXiv preprint arXiv:1812.09902},
	year={2018}
}
@inproceedings{luan2019break,
	title={Break the ceiling: Stronger multi-scale deep graph convolutional networks},
	author={Luan, Sitao and Zhao, Mingde and Chang, Xiao-Wen and Precup, Doina},
	booktitle={Advances in neural information processing systems},
	pages={10945--10955},
	year={2019}
}
@inproceedings{rong2019dropedge,
	title={Dropedge: Towards deep graph convolutional networks on node classification},
	author={Rong, Yu and Huang, Wenbing and Xu, Tingyang and Huang, Junzhou},
	booktitle={International Conference on Learning Representations},
	year={2019}
}
@article{mishra2020node,
	title={Node Masking: Making Graph Neural Networks Generalize and Scale Better},
	author={Mishra, Pushkar and Piktus, Aleksandra and Goossen, Gerard and Silvestri, Fabrizio},
	journal={arXiv preprint arXiv:2001.07524},
	year={2020}
}
@article{leman1968reduction,
	title={A reduction of a graph to a canonical form and an algebra arising during this reduction},
	author={Leman, AA and Weisfeiler, B},
	journal={Nauchno-Technicheskaya Informatsiya},
	volume={2},
	number={9},
	pages={12--16},
	year={1968}
}
@inproceedings{chen2019equivalence,
	title={On the equivalence between graph isomorphism testing and function approximation with gnns},
	author={Chen, Zhengdao and Villar, Soledad and Chen, Lei and Bruna, Joan},
	booktitle={Advances in Neural Information Processing Systems},
	pages={15868--15876},
	year={2019}
}
@inproceedings{dehmamy2019understanding,
	title={Understanding the representation power of graph neural networks in learning graph topology},
	author={Dehmamy, Nima and Barab{\'a}si, Albert-L{\'a}szl{\'o} and Yu, Rose},
	booktitle={Advances in Neural Information Processing Systems},
	pages={15413--15423},
	year={2019}
}
@article{hu2020open,
	title={Open graph benchmark: Datasets for machine learning on graphs},
	author={Hu, Weihua and Fey, Matthias and Zitnik, Marinka and Dong, Yuxiao and Ren, Hongyu and Liu, Bowen and Catasta, Michele and Leskovec, Jure},
	journal={arXiv preprint arXiv:2005.00687},
	year={2020}
}
@inproceedings{zaheer2017deep,
	title={Deep sets},
	author={Zaheer, Manzil and Kottur, Satwik and Ravanbakhsh, Siamak and Poczos, Barnabas and Salakhutdinov, Russ R and Smola, Alexander J},
	booktitle={Advances in neural information processing systems},
	pages={3391--3401},
	year={2017}
}
@inproceedings{murphy2018janossy,
	title={Janossy Pooling: Learning Deep Permutation-Invariant Functions for Variable-Size Inputs},
	author={Ryan L. Murphy and Balasubramaniam Srinivasan and Vinayak Rao and Bruno Ribeiro},
	booktitle={International Conference on Learning Representations},
	year={2019},
	url={https://openreview.net/forum?id=BJluy2RcFm},
}
@InProceedings{murphy19a,
	title = 	 {Relational Pooling for Graph Representations},
	author = 	 {Murphy, Ryan and Srinivasan, Balasubramaniam and Rao, Vinayak and Ribeiro, Bruno},
	booktitle = 	 {Proceedings of the 36th International Conference on Machine Learning},
	pages = 	 {4663--4673},
	year = 	 {2019},
	editor = 	 {Chaudhuri, Kamalika and Salakhutdinov, Ruslan},
	volume = 	 {97},
	series = 	 {Proceedings of Machine Learning Research},
	address = 	 {Long Beach, California, USA},
	month = 	 {09--15 Jun},
	publisher = 	 {PMLR},
	pdf = 	 {http://proceedings.mlr.press/v97/murphy19a/murphy19a.pdf},
	url = 	 {http://proceedings.mlr.press/v97/murphy19a.html}
}
@article{li2020distance,
	title={Distance Encoding: Design Provably More Powerful Neural Networks for Graph Representation Learning},
	author={Li, Pan and Wang, Yanbang and Wang, Hongwei and Leskovec, Jure},
	journal={Advances in Neural Information Processing Systems},
	volume={33},
	year={2020}
}
@incollection{vignac2020building,
	author = {Vignac, Cl\'{e}ment and Loukas, Andreas and Frossard, Pascal},
	title = {Building powerful and equivariant graph neural networks with structural message-passing},
	booktitle = {Advances in Neural Information Processing Systems (NeurIPS) 33},
	pages = {14143--14155},
	year = {2020},
	publisher = {Curran Associates, Inc.}
}
@article{scarselli2008graph,
	title={The graph neural network model},
	author={Scarselli, Franco and Gori, Marco and Tsoi, Ah Chung and Hagenbuchner, Markus and Monfardini, Gabriele},
	journal={IEEE Transactions on Neural Networks},
	volume={20},
	number={1},
	pages={61--80},
	year={2008},
	publisher={IEEE}
}
@inproceedings{gori2005new,
	title={A new model for learning in graph domains},
	author={Gori, Marco and Monfardini, Gabriele and Scarselli, Franco},
	booktitle={Proceedings. 2005 IEEE International Joint Conference on Neural Networks, 2005.},
	volume={2},
	pages={729--734},
	year={2005},
	organization={IEEE}
}
@article{lin1995algorithms,
	title={Algorithms for square roots of graphs},
	author={Lin, Yaw-Ling and Skiena, Steven S},
	journal={SIAM Journal on Discrete Mathematics},
	volume={8},
	number={1},
	pages={99--118},
	year={1995},
	publisher={SIAM}
}
@inproceedings{liu2020towards,
	title={Towards Deeper Graph Neural Networks},
	author={Liu, Meng and Gao, Hongyang and Ji, Shuiwang},
	booktitle={Proceedings of the 26th ACM SIGKDD International Conference on Knowledge Discovery \& Data Mining},
	pages={338--348},
	year={2020}
}
@article{dwivedi2020benchmarking,
	title={Benchmarking graph neural networks},
	author={Dwivedi, Vijay Prakash and Joshi, Chaitanya K and Laurent, Thomas and Bengio, Yoshua and Bresson, Xavier},
	journal={arXiv preprint arXiv:2003.00982},
	year={2020}
}
@misc{KKMMN2016,
	title  = {Benchmark Data Sets for Graph Kernels},
	author = {Kristian Kersting and Nils M. Kriege and Christopher Morris and Petra Mutzel and Marion Neumann},
	year   = {2016},
	note   = {\url{http://graphkernels.cs.tu-dortmund.de}}
}
@inproceedings{kolouri2021wasserstein,
	title={Wasserstein Embedding for Graph Learning},
	author={Soheil Kolouri and Navid Naderializadeh and Gustavo K. Rohde and Heiko Hoffmann},
	booktitle={International Conference on Learning Representations},
	year={2021},
	url={https://openreview.net/forum?id=AAes_3W-2z}
}
@inproceedings{Fey/etal/2020,
	title={Hierarchical Inter-Message Passing for Learning on Molecular Graphs},
	author={Fey, M. and Yuen, J. G. and Weichert, F.},
	booktitle={ICML Graph Representation Learning and Beyond (GRL+) Workhop},
	year={2020},
}
@inproceedings{ioffe2015batch,
	title={Batch normalization: Accelerating deep network training by reducing internal covariate shift},
	author={Ioffe, Sergey and Szegedy, Christian},
	booktitle={International conference on machine learning},
	pages={448--456},
	year={2015},
	organization={PMLR}
}
@article{li2020deepergcn,
	title={DeeperGCN: All You Need to Train Deeper GCNs},
	author={Li, Guohao and Xiong, Chenxin and Thabet, Ali and Ghanem, Bernard},
	journal={arXiv preprint arXiv:2006.07739},
	year={2020}
}
@book{schmidt2011relational,
	title={Relational mathematics},
	author={Schmidt, Gunther},
	volume={132},
	year={2011},
	publisher={Cambridge University Press}
}
@article{kong2020flag,
	title={Flag: Adversarial data augmentation for graph neural networks},
	author={Kong, Kezhi and Li, Guohao and Ding, Mucong and Wu, Zuxuan and Zhu, Chen and Ghanem, Bernard and Taylor, Gavin and Goldstein, Tom},
	journal={arXiv preprint arXiv:2010.09891},
	year={2020}
}
@inproceedings{oono2020graph,
	title={Graph Neural Networks Exponentially Lose Expressive Power for Node Classification},
	author={Kenta Oono and Taiji Suzuki},
	booktitle={International Conference on Learning Representations},
	year={2020},
	url={https://openreview.net/forum?id=S1ldO2EFPr}
}
@inproceedings{cai2020graphnorm,
	author = {Cai, Tianle and Luo, Shengjie and Xu, Keyulu and He, Di and Liu, Tie-Yan and Wang, Liwei},
	title = {GraphNorm: A Principled Approach to Accelerating Graph Neural Network Training},
	booktitle = {2021 International Conference on Machine Learning},
	year = {2021},
	month = {May},
}
@InProceedings{pmlr-v97-wu19e,
	title = 	 {Simplifying Graph Convolutional Networks},
	author = 	 {Wu, Felix and Souza, Amauri and Zhang, Tianyi and Fifty, Christopher and Yu, Tao and Weinberger, Kilian},
	booktitle = 	 {Proceedings of the 36th International Conference on Machine Learning},
	pages = 	 {6861--6871},
	year = 	 {2019},
	publisher = 	 {PMLR},
}
@inproceedings{zhao2020pairnorm,
	title={PairNorm: Tackling Oversmoothing in GNNs},
	author={Lingxiao Zhao and Leman Akoglu},
	booktitle={International Conference on Learning Representations},
	year={2020},
	url={https://openreview.net/forum?id=rkecl1rtwB}
}
@article{chenWHDL2020gcnii,
	title = {Simple and Deep Graph Convolutional Networks},
	author = {Ming Chen, Zhewei Wei and Zengfeng Huang, Bolin Ding and Yaliang Li},
	year = {2020},
	booktitle = {Proceedings of the 37th International Conference on Machine Learning},
}
@inproceedings{zhu2020simple,
	title={Simple spectral graph convolution},
	author={Zhu, Hao and Koniusz, Piotr},
	booktitle={International Conference on Learning Representations},
	year={2020}
}
@misc{zhang2021litegem,
	title={LiteGEM: Lite Geometry Enhanced Molecular Representation Learning for Quantum Property Prediction}, 
	author={Shanzhuo Zhang and Lihang Liu and Sheng Gao and Donglong He and Xiaomin Fang and Weibin Li and Zhengjie Huang and Weiyue Su and Wenjin Wang},
	year={2021},
	eprint={2106.14494},
	archivePrefix={arXiv},
	primaryClass={physics.chem-ph}
}
@article{klicpera2019diffusion,
	title={Diffusion improves graph learning},
	author={Klicpera, Johannes and Wei{\ss}enberger, Stefan and G{\"u}nnemann, Stephan},
	journal={Advances in Neural Information Processing Systems},
	volume={32},
	pages={13354--13366},
	year={2019}
}
@inproceedings{ng2002spectral,
	title={On spectral clustering: Analysis and an algorithm},
	author={Ng, Andrew Y and Jordan, Michael I and Weiss, Yair},
	booktitle={Advances in neural information processing systems},
	pages={849--856},
	year={2002}
}
@article{gao2021message,
	title={Message Passing in Graph Convolution Networks via Adaptive Filter Banks},
	author={Gao, Xing and Dai, Wenrui and Li, Chenglin and Zou, Junni and Xiong, Hongkai and Frossard, Pascal},
	journal={arXiv preprint arXiv:2106.09910},
	year={2021}
}
@inproceedings{anonymous2022spectra,
	title={Spec{TRA}: Spectral Transformer for Graph Representation Learning},
	author={Anonymous},
	booktitle={Submitted to The Tenth International Conference on Learning Representations },
	year={2022},
	url={https://openreview.net/forum?id=HmFBdvBkUUY},
	note={under review}
}
@article{ying2021transformers,
	title={Do Transformers Really Perform Bad for Graph Representation?},
	author={Ying, Chengxuan and Cai, Tianle and Luo, Shengjie and Zheng, Shuxin and Ke, Guolin and He, Di and Shen, Yanming and Liu, Tie-Yan},
	journal={arXiv preprint arXiv:2106.05234},
	year={2021}
}
@article{hammond2011wavelets,
	title={Wavelets on graphs via spectral graph theory},
	author={Hammond, David K and Vandergheynst, Pierre and Gribonval, R{\'e}mi},
	journal={Applied and Computational Harmonic Analysis},
	volume={30},
	number={2},
	pages={129--150},
	year={2011},
	publisher={Elsevier}
}
@article{defferrard2016convolutional,
	title={Convolutional neural networks on graphs with fast localized spectral filtering},
	author={Defferrard, Micha{\"e}l and Bresson, Xavier and Vandergheynst, Pierre},
	journal={Advances in neural information processing systems},
	volume={29},
	pages={3844--3852},
	year={2016}
}
@inproceedings{xu2018graph,
	title={Graph Wavelet Neural Network},
	author={Bingbing Xu and Huawei Shen and Qi Cao and Yunqi Qiu and Xueqi Cheng},
	booktitle={International Conference on Learning Representations},
	year={2019},
	url={https://openreview.net/forum?id=H1ewdiR5tQ},
}
@article{shuman2013emerging,
	title={The emerging field of signal processing on graphs: Extending high-dimensional data analysis to networks and other irregular domains},
	author={Shuman, David I and Narang, Sunil K and Frossard, Pascal and Ortega, Antonio and Vandergheynst, Pierre},
	journal={IEEE signal processing magazine},
	volume={30},
	number={3},
	pages={83--98},
	year={2013},
	publisher={IEEE}
}

@inproceedings{zhang2018graph,
	title={Graph convolutional networks: Algorithms, applications and open challenges},
	author={Zhang, Si and Tong, Hanghang and Xu, Jiejun and Maciejewski, Ross},
	booktitle={International Conference on Computational Social Networks},
	pages={79--91},
	year={2018},
	organization={Springer}
}
@article{wu2020comprehensive,
	title={A comprehensive survey on graph neural networks},
	author={Wu, Zonghan and Pan, Shirui and Chen, Fengwen and Long, Guodong and Zhang, Chengqi and Philip, S Yu},
	journal={IEEE transactions on neural networks and learning systems},
	volume={32},
	number={1},
	pages={4--24},
	year={2020},
	publisher={IEEE}
}
@inproceedings{cheng2021graph,
	title={Graph Convolution with Low-rank Learnable Local Filters},
	author={Xiuyuan Cheng and Zichen Miao and Qiang Qiu},
	booktitle={International Conference on Learning Representations},
	year={2021},
	url={https://openreview.net/forum?id=9OHFhefeB86}
}
@incollection{hammond2019spectral,
	title={The spectral graph wavelet transform: Fundamental theory and fast computation},
	author={Hammond, David K and Vandergheynst, Pierre and Gribonval, R{\'e}mi},
	booktitle={Vertex-Frequency Analysis of Graph Signals},
	pages={141--175},
	year={2019},
	publisher={Springer}
}
@InProceedings{li2021gnn1000,
	title={Training Graph Neural Networks with 1000 layers},
	author={Guohao Li and Matthias MÃ¼ller and Bernard Ghanem and Vladlen Koltun},
	booktitle={International Conference on Machine Learning (ICML)},
	year={2021}
}
@article{lecun1998gradient,
	title={Gradient-based learning applied to document recognition},
	author={LeCun, Yann and Bottou, L{\'e}on and Bengio, Yoshua and Haffner, Patrick},
	journal={Proceedings of the IEEE},
	volume={86},
	number={11},
	pages={2278--2324},
	year={1998},
	publisher={Ieee}
}
@inproceedings{he2016deep,
	title={Deep residual learning for image recognition},
	author={He, Kaiming and Zhang, Xiangyu and Ren, Shaoqing and Sun, Jian},
	booktitle={Proceedings of the IEEE conference on computer vision and pattern recognition},
	pages={770--778},
	year={2016}
}
@article{hinton2012deep,
	title={Deep neural networks for acoustic modeling in speech recognition: The shared views of four research groups},
	author={Hinton, Geoffrey and Deng, Li and Yu, Dong and Dahl, George E and Mohamed, Abdel-rahman and Jaitly, Navdeep and Senior, Andrew and Vanhoucke, Vincent and Nguyen, Patrick and Sainath, Tara N and others},
	journal={IEEE Signal processing magazine},
	volume={29},
	number={6},
	pages={82--97},
	year={2012},
	publisher={IEEE}
}
@inproceedings{khasanova2017graph,
	title={Graph-based isometry invariant representation learning},
	author={Khasanova, Renata and Frossard, Pascal},
	booktitle={International conference on machine learning},
	pages={1847--1856},
	year={2017},
	organization={PMLR}
}
@inproceedings{buyl2020debayes,
  title={Debayes: a bayesian method for debiasing network embeddings},
  author={Buyl, Maarten and De Bie, Tijl},
  booktitle={International Conference on Machine Learning},
  pages={1220--1229},
  year={2020},
  organization={PMLR}
}
@article{huang2020tackling,
	title={Tackling Over-Smoothing for General Graph Convolutional Networks},
	author={Huang, Wenbing and Rong, Yu and Xu, Tingyang and Sun, Fuchun and Huang, Junzhou},
	journal={arXiv preprint arXiv:2008.09864},
	year={2020}
}
@inproceedings{Rong2020DropEdge:,
	title={DropEdge: Towards Deep Graph Convolutional Networks on Node Classification},
	author={Yu Rong and Wenbing Huang and Tingyang Xu and Junzhou Huang},
	booktitle={International Conference on Learning Representations},
	year={2020},
	url={https://openreview.net/forum?id=Hkx1qkrKPr}
}
@article{zhou2020towards,
	title={Towards deeper graph neural networks with differentiable group normalization},
	author={Zhou, Kaixiong and Huang, Xiao and Li, Yuening and Zha, Daochen and Chen, Rui and Hu, Xia},
	journal={arXiv preprint arXiv:2006.06972},
	year={2020}
}
@inproceedings{abu2019mixhop,
	title={Mixhop: Higher-order graph convolutional architectures via sparsified neighborhood mixing},
	author={Abu-El-Haija, Sami and Perozzi, Bryan and Kapoor, Amol and Alipourfard, Nazanin and Lerman, Kristina and Harutyunyan, Hrayr and Ver Steeg, Greg and Galstyan, Aram},
	booktitle={international conference on machine learning},
	pages={21--29},
	year={2019},
	organization={PMLR}
}
@inproceedings{Pei2020Geom-GCN:,
	title={Geom-GCN: Geometric Graph Convolutional Networks},
	author={Hongbin Pei and Bingzhe Wei and Kevin Chen-Chuan Chang and Yu Lei and Bo Yang},
	booktitle={International Conference on Learning Representations},
	year={2020},
	url={https://openreview.net/forum?id=S1e2agrFvS}
}
@article{weisfeiler1968reduction,
	title={The reduction of a graph to canonical form and the algebra which appears therein},
	author={Weisfeiler, Boris and Leman, Andrei},
	journal={NTI, Series},
	volume={2},
	number={9},
	pages={12--16},
	year={1968}
}
@inproceedings{klicpera_predict_2019,
	title = {Predict then Propagate: Graph Neural Networks meet Personalized PageRank},
	author = {Klicpera, Johannes and Bojchevski, Aleksandar and G{\"u}nnemann, Stephan},
	booktitle={International Conference on Learning Representations (ICLR)},
	year = {2019}
}
@inproceedings{zhu2021interpreting,
	title={Interpreting and unifying graph neural networks with an optimization framework},
	author={Zhu, Meiqi and Wang, Xiao and Shi, Chuan and Ji, Houye and Cui, Peng},
	booktitle={Proceedings of the Web Conference 2021},
	pages={1215--1226},
	year={2021}
}
@misc{nt2019revisiting,
	Author = {Hoang NT and Takanori Maehara},
	Title = {Revisiting Graph Neural Networks: All We Have is Low-Pass Filters},
	Year = {2019},
	Eprint = {arXiv:1905.09550},
}
@inproceedings{muhammet2020spectral,
	title={When Spectral Domain Meets Spatial Domain in Graph Neural Networks},
	author={Muhammet, Balcilar and Guillaume, Renton and Pierre, H{\'e}roux and Benoit, Ga{\"u}z{\`e}re and S{\'e}bastien, Adam and Honeine, Paul},
	booktitle={Thirty-seventh International Conference on Machine Learning (ICML 2020)-Workshop on Graph Representation Learning and Beyond (GRL+ 2020)},
	year={2020}
}
@techreport{ilprints422,
	number = {1999-66},
	month = {November},
	author = {Lawrence Page and Sergey Brin and Rajeev Motwani and Terry Winograd},
	note = {Previous number = SIDL-WP-1999-0120},
	title = {The PageRank Citation Ranking: Bringing Order to the Web.},
	type = {Technical Report},
	publisher = {Stanford InfoLab},
	year = {1999},
	institution = {Stanford InfoLab},
	url = {http://ilpubs.stanford.edu:8090/422/},
}
@inproceedings{pmlr-v139-bodnar21a,
	title = 	 {Weisfeiler and Lehman Go Topological: Message Passing Simplicial Networks},
	author =       {Bodnar, Cristian and Frasca, Fabrizio and Wang, Yuguang and Otter, Nina and Montufar, Guido F and Li{\'o}, Pietro and Bronstein, Michael},
	booktitle = 	 {Proceedings of the 38th International Conference on Machine Learning},
	pages = 	 {1026--1037},
	year = 	 {2021},
	editor = 	 {Meila, Marina and Zhang, Tong},
	volume = 	 {139},
	series = 	 {Proceedings of Machine Learning Research},
	month = 	 {18--24 Jul},
	publisher =    {PMLR},
}
@inproceedings{neurips-bodnar2021b,
	title={Weisfeiler and Lehman Go Cellular: CW Networks},
	author={Bodnar, Cristian and Frasca, Fabrizio and Otter, Nina and Wang, Yu Guang and Li{\`o}, Pietro and Mont{\'u}far, Guido and Bronstein, Michael},
	booktitle = {Advances in Neural Information Processing Systems},
	volume = {34},
	year={2021}
}
@article{bresson2017residual,
	title={Residual gated graph convnets},
	author={Bresson, Xavier and Laurent, Thomas},
	journal={arXiv preprint arXiv:1711.07553},
	year={2017}
}
@article{dwivedi2021generalization,
	title={A Generalization of Transformer Networks to Graphs},
	author={Dwivedi, Vijay Prakash and Bresson, Xavier},
	journal={AAAI Workshop on Deep Learning on Graphs: Methods and Applications},
	year={2021}
}
@article{kreuzer2021rethinking,
	title={Rethinking Graph Transformers with Spectral Attention},
	author={Kreuzer, Devin and Beaini, Dominique and Hamilton, William and LÃ©tourneau, Vincent and Tossou, Prudencio},
	journal={arXiv preprint arXiv:2106.03893},
	year={2021}
}
@inproceedings{he2021bernnet,
	title={BernNet: Learning Arbitrary Graph Spectral Filters via Bernstein Approximation},
	author={He, Mingguo and Wei, Zhewei and Huang, Zengfeng and Xu, Hongteng},
	booktitle={NeurIPS},
	year={2021}
}

@inproceedings{bose2019compositional,
  title={Compositional fairness constraints for graph embeddings},
  author={Bose, Avishek and Hamilton, William},
  booktitle={International Conference on Machine Learning},
  pages={715--724},
  year={2019},
  organization={PMLR}
}

@InProceedings{pmlr-v80-ivanov18a,
	title={Anonymous Walk Embeddings},
	author={Ivanov, Sergey and Burnaev, Evgeny},
	booktitle={Proceedings of the 35th International Conference on Machine Learning},
	pages={2191--2200},
	year={2018},
	editor={Dy, Jennifer and Krause, Andreas},
	volume={80},
	series={Proceedings of Machine Learning Research},
	address={StockholmsmÃ¤ssan, Stockholm Sweden},
	month={10--15 Jul},
	publisher ={PMLR},
	pdf={http://proceedings.mlr.press/v80/ivanov18a/ivanov18a.pdf},
	url={http://proceedings.mlr.press/v80/ivanov18a.html}
}
@inproceedings{chien2021adaptive,
	title={Adaptive Universal Generalized PageRank Graph Neural Network},
	author={Eli Chien and Jianhao Peng and Pan Li and Olgica Milenkovic},
	booktitle={International Conference on Learning Representations},
	year={2021},
	url={https://openreview.net/forum?id=n6jl7fLxrP}
}
@inproceedings{beani2021directional,
	title={Directional graph networks},
	author={Beani, Dominique and Passaro, Saro and L{\'e}tourneau, Vincent and Hamilton, Will and Corso, Gabriele and Li{\`o}, Pietro},
	booktitle={International Conference on Machine Learning},
	pages={748--758},
	year={2021},
	organization={PMLR}
}
@article{brossard2020graph,
	title={Graph convolutions that can finally model local structure},
	author={Brossard, R{\'e}my and Frigo, Oriel and Dehaene, David},
	journal={arXiv preprint arXiv:2011.15069},
	year={2020}
}
@article{le2021parameterized,
	title={Parameterized Hypercomplex Graph Neural Networks for Graph Classification},
	author={Le, Tuan and Bertolini, Marco and No{\'e}, Frank and Clevert, Djork-Arn{\'e}},
	journal={arXiv preprint arXiv:2103.16584},
	year={2021}
}
@ARTICLE{ron2019cayleynets,
	author={Levie, Ron and Monti, Federico and Bresson, Xavier and Bronstein, Michael M.},
	journal={IEEE Transactions on Signal Processing}, 
	title={CayleyNets: Graph Convolutional Neural Networks With Complex Rational Spectral Filters}, 
	year={2019},
	volume={67},
	number={1},
	pages={97-109},
	doi={10.1109/TSP.2018.2879624}}

@inproceedings{dasoulas2021learning,
	title={Learning Parametrised Graph Shift Operators},
	author={George Dasoulas and Johannes F. Lutzeyer and Michalis Vazirgiannis},
	booktitle={International Conference on Learning Representations},
	year={2021},
	url={https://openreview.net/forum?id=0OlrLvrsHwQ}
}

@article{mateos2019connecting,
	title={Connecting the dots: Identifying network structure via graph signal processing},
	author={Mateos, Gonzalo and Segarra, Santiago and Marques, Antonio G and Ribeiro, Alejandro},
	journal={IEEE Signal Processing Magazine},
	volume={36},
	number={3},
	pages={16--43},
	year={2019},
	publisher={IEEE}
}
@inproceedings{gama2020stability,
	title={Stability of graph neural networks to relative perturbations},
	author={Gama, Fernando and Ribeiro, Alejandro and Bruna, Joan},
	booktitle={ICASSP 2020-2020 IEEE International Conference on Acoustics, Speech and Signal Processing (ICASSP)},
	pages={9070--9074},
	year={2020},
	organization={IEEE}
}
@article{sandryhaila2013discrete,
	title={Discrete signal processing on graphs},
	author={Sandryhaila, Aliaksei and Moura, Jos{\'e} MF},
	journal={IEEE transactions on signal processing},
	volume={61},
	number={7},
	pages={1644--1656},
	year={2013},
	publisher={IEEE}
}
@inproceedings{vaswani2017attention,
	title={Attention is All you Need},
	author={Vaswani, Ashish and Shazeer, Noam and Parmar, Niki and Uszkoreit, Jakob and Jones, Llion and Gomez, Aidan N and Kaiser, Lukasz and Polosukhin, Illia},
	booktitle={NIPS},
	year={2017}
}
@inproceedings{cai2020graph,
	title={Graph transformer for graph-to-sequence learning},
	author={Cai, Deng and Lam, Wai},
	booktitle={Proceedings of the AAAI Conference on Artificial Intelligence},
	volume={34},
	number={05},
	pages={7464--7471},
	year={2020}
}
@inproceedings{hu2020heterogeneous,
	title={Heterogeneous graph transformer},
	author={Hu, Ziniu and Dong, Yuxiao and Wang, Kuansan and Sun, Yizhou},
	booktitle={Proceedings of The Web Conference 2020},
	pages={2704--2710},
	year={2020}
}
@article{dwivedi2021generalization,
	title={A Generalization of Transformer Networks to Graphs},
	author={Dwivedi, Vijay Prakash and Bresson, Xavier},
	journal={AAAI Workshop on Deep Learning on Graphs: Methods and Applications},
	year={2021}
}
@article{zhang2020graph,
	title={Graph-bert: Only attention is needed for learning graph representations},
	author={Zhang, Jiawei and Zhang, Haopeng and Xia, Congying and Sun, Li},
	journal={arXiv preprint arXiv:2001.05140},
	year={2020}
}
@article{bouritsas2020improving,
	title={Improving graph neural network expressivity via subgraph isomorphism counting},
	author={Bouritsas, Giorgos and Frasca, Fabrizio and Zafeiriou, Stefanos and Bronstein, Michael M},
	journal={arXiv preprint arXiv:2006.09252},
	year={2020}
}
@inproceedings{balcilar2021analyzing,
	title={Analyzing the Expressive Power of Graph Neural Networks in a Spectral Perspective},
	author={Muhammet Balcilar and Guillaume Renton and Pierre H{\'e}roux and Benoit Ga{\"u}z{\`e}re and S{\'e}bastien Adam and Paul Honeine},
	booktitle={International Conference on Learning Representations},
	year={2021},
	url={https://openreview.net/forum?id=-qh0M9XWxnv}
}
@inproceedings{fagcn2021,
	title={Beyond Low-frequency Information in Graph Convolutional Networks},
	author={Deyu Bo and Xiao Wang and Chuan Shi and Huawei Shen},
	booktitle = {{AAAI}},
	publisher = {{AAAI} Press},
	year      = {2021}
}
@inproceedings{jin2022feature,
	author = {Wei Jin and Xiaorui Liu and Yao Ma and Charu Aggarwal and  Jiliang Tang},
	booktitle = {Proceedings of the 28th {ACM} {SIGKDD}  Conference on
	Knowledge Discovery and Data Mining},
	title = {Feature Overcorrelation in Deep Graph Neural Networks: A New Perspective},
	year = {2022}
}
@INPROCEEDINGS{spielman2007spectral,
	author={Spielman, Daniel A.},
	booktitle={48th Annual IEEE Symposium on Foundations of Computer Science (FOCS'07)}, 
	title={Spectral Graph Theory and its Applications}, 
	year={2007},
	volume={},
	number={},
	pages={29-38},
	doi={10.1109/FOCS.2007.56}
}

@article{JacobiConv,
	author    = {Xiyuan Wang and Muhan Zhang},
	title     = {How Powerful are Spectral Graph Neural Networks},
	journal   = {ICML},
	year      = {2022}
}
@inproceedings{yang2022spectrum,
	title = {A New Perspective on the Effects of Spectrum in Graph Neural Networks},
	author = {Mingqi Yang and Yanming Shen and Rui Li and Heng Qi and Qiang Zhang and Baocai Yin},
	booktitle = {Proceedings of the 39th International Conference on Machine Learning},
	year = {2022},
}
@book{chung1997spectral,
	title={Spectral graph theory},
	author={Chung, Fan RK},
	volume={92},
	year={1997},
	publisher={American Mathematical Soc.}
}
@article{rampasek2022GPS,
	title={{Recipe for a General, Powerful, Scalable Graph Transformer}}, 
	author={Ladislav Ramp\'{a}\v{s}ek and Mikhail Galkin and Vijay Prakash Dwivedi and Anh Tuan Luu and Guy Wolf and Dominique Beaini},
	journal={arXiv:2205.12454},
	year={2022}
}
@article{bastos2022how,
	title={How Expressive are Transformers in Spectral Domain for Graphs?},
	author={Anson Bastos and Abhishek Nadgeri and Kuldeep Singh and Hiroki Kanezashi and Toyotaro Suzumura and Isaiah Onando Mulang'},
	journal={Transactions on Machine Learning Research},
	year={2022},
	url={https://openreview.net/forum?id=aRsLetumx1},
	note={}
}
@article{min2022transformer,
	title={Transformer for Graphs: An Overview from Architecture Perspective},
	author={Min, Erxue and Chen, Runfa and Bian, Yatao and Xu, Tingyang and Zhao, Kangfei and Huang, Wenbing and Zhao, Peilin and Huang, Junzhou and Ananiadou, Sophia and Rong, Yu},
	journal={arXiv preprint arXiv:2202.08455},
	year={2022}
}
@article{yun2019graph,
	title={Graph transformer networks},
	author={Yun, Seongjun and Jeong, Minbyul and Kim, Raehyun and Kang, Jaewoo and Kim, Hyunwoo J},
	journal={Advances in neural information processing systems},
	volume={32},
	year={2019}
}
@inproceedings{zhou2021understanding,
	title={Understanding and resolving performance degradation in deep graph convolutional networks},
	author={Zhou, Kuangqi and Dong, Yanfei and Wang, Kaixin and Lee, Wee Sun and Hooi, Bryan and Xu, Huan and Feng, Jiashi},
	booktitle={Proceedings of the 30th ACM International Conference on Information \& Knowledge Management},
	pages={2728--2737},
	year={2021}
}
@inproceedings{guo2022orthogonal,
	title={Orthogonal graph neural networks},
	author={Guo, Kai and Zhou, Kaixiong and Hu, Xia and Li, Yu and Chang, Yi and Wang, Xin},
	booktitle={Proceedings of the AAAI Conference on Artificial Intelligence},
	volume={36},
	number={4},
	pages={3996--4004},
	year={2022}
}
@article{de2020natural,
	title={Natural graph networks},
	author={de Haan, Pim and Cohen, Taco S and Welling, Max},
	journal={Advances in Neural Information Processing Systems},
	volume={33},
	pages={3636--3646},
	year={2020}
}
@inproceedings{geng2019spatiotemporal,
	title={Spatiotemporal multi-graph convolution network for ride-hailing demand forecasting},
	author={Geng, Xu and Li, Yaguang and Wang, Leye and Zhang, Lingyu and Yang, Qiang and Ye, Jieping and Liu, Yan},
	booktitle={Proceedings of the AAAI conference on artificial intelligence},
	volume={33},
	number={01},
	pages={3656--3663},
	year={2019}
}
@inproceedings{khan2019multi,
	title={Multi-gcn: Graph convolutional networks for multi-view networks, with applications to global poverty},
	author={Khan, Muhammad Raza and Blumenstock, Joshua E},
	booktitle={Proceedings of the AAAI conference on artificial intelligence},
	volume={33},
	number={01},
	pages={606--613},
	year={2019}
}

@inproceedings{chiang2019cluster,
	title={Cluster-gcn: An efficient algorithm for training deep and large graph convolutional networks},
	author={Chiang, Wei-Lin and Liu, Xuanqing and Si, Si and Li, Yang and Bengio, Samy and Hsieh, Cho-Jui},
	booktitle={Proceedings of the 25th ACM SIGKDD international conference on knowledge discovery \& data mining},
	pages={257--266},
	year={2019}
}
@inproceedings{
	wijesinghe2022a,
	title={A New Perspective on ''How Graph Neural Networks Go Beyond Weisfeiler-Lehman?''},
	author={Asiri Wijesinghe and Qing Wang},
	booktitle={International Conference on Learning Representations},
	year={2022},
	url={https://openreview.net/forum?id=uxgg9o7bI_3}
}

@inproceedings{lee2019graph,
  title={Graph convolutional networks with motif-based attention},
  author={Lee, John Boaz and Rossi, Ryan A and Kong, Xiangnan and Kim, Sungchul and Koh, Eunyee and Rao, Anup},
  booktitle={Proceedings of the 28th ACM international conference on information and knowledge management},
  pages={499--508},
  year={2019}
}

@inproceedings{Jiang2022ASE,
  title={A Sparse-Motif Ensemble Graph Convolutional Network against Over-smoothing},
  author={Xuan Jiang and Zhiyong Yang and Peisong Wen and Li Su and Qingming Huang},
  booktitle={IJCAI},
  year={2022}
}

@inproceedings{wu2020unsupervised,
  title={Unsupervised domain adaptive graph convolutional networks},
  author={Wu, Man and Pan, Shirui and Zhou, Chuan and Chang, Xiaojun and Zhu, Xingquan},
  booktitle={Proceedings of The Web Conference 2020},
  pages={1457--1467},
  year={2020}
}

@article{butler2017spectral,
  title={Spectral graph theory. Handbook of Linear Algebra (2nd edition, L. Hogben, ed.)},
  author={Butler, S and Chung, F},
  journal={Discrete Mathematics and its Applications. CRC Press, Boca Raton},
  year={2017},
  pages={47/1â47/14}
}

@inproceedings{chen2022structure,
	title={Structure-aware transformer for graph representation learning},
	author={Chen, Dexiong and OâBray, Leslie and Borgwardt, Karsten},
	booktitle={International Conference on Machine Learning},
	pages={3469--3489},
	year={2022},
	organization={PMLR}
}

@misc{he2022generalization,
	title={A Generalization of ViT/MLP-Mixer to Graphs}, 
	author={Xiaoxin He and Bryan Hooi and Thomas Laurent and Adam Perold and Yann LeCun and Xavier Bresson},
	year={2022},
	eprint={2212.13350},
	archivePrefix={arXiv},
	primaryClass={cs.CV}
}
@article{abdi2010principal,
	title={Principal component analysis},
	author={Abdi, Herv{\'e} and Williams, Lynne J},
	journal={Wiley interdisciplinary reviews: computational statistics},
	volume={2},
	number={4},
	pages={433--459},
	year={2010},
	publisher={Wiley Online Library}
}
@article{xanthopoulos2013linear,
	title={Linear discriminant analysis},
	author={Xanthopoulos, Petros and Pardalos, Panos M and Trafalis, Theodore B and Xanthopoulos, Petros and Pardalos, Panos M and Trafalis, Theodore B},
	journal={Robust data mining},
	pages={27--33},
	year={2013},
	publisher={Springer}
}
@article{hornik1989multilayer,
	title={Multilayer feedforward networks are universal approximators},
	author={Hornik, Kurt and Stinchcombe, Maxwell and White, Halbert},
	journal={Neural networks},
	volume={2},
	number={5},
	pages={359--366},
	year={1989},
	publisher={Elsevier}
}
@inproceedings{topping2021understanding,
	title={Understanding over-squashing and bottlenecks on graphs via curvature},
	author={Topping, Jake and Di Giovanni, Francesco and Chamberlain, Benjamin Paul and Dong, Xiaowen and Bronstein, Michael M},
	booktitle={International Conference on Learning Representations},
	year={2021}
}
@inproceedings{alon2021on,
	title={On the Bottleneck of Graph Neural Networks and its Practical Implications},
	author={Uri Alon and Eran Yahav},
	booktitle={International Conference on Learning Representations},
	year={2021},
	url={https://openreview.net/forum?id=i80OPhOCVH2}
}
@inproceedings{black2023understanding,
	title={Understanding oversquashing in gnns through the lens of effective resistance},
	author={Black, Mitchell and Wan, Zhengchao and Nayyeri, Amir and Wang, Yusu},
	booktitle={International Conference on Machine Learning},
	pages={2528--2547},
	year={2023},
	organization={PMLR}
}
@inproceedings{liu2022mgnni,
	author = {Liu, Juncheng and Hooi, Bryan and Kawaguchi, Kenji and Xiao, Xiaokui},
	booktitle = {Advances in Neural Information Processing Systems},
	title = {MGNNI: Multiscale Graph Neural Networks with Implicit Layers},
	year = {2022}
}
@inproceedings{yang2023towards,
	title = {Towards Better Graph Representation Learning with Parameterized Decomposition \& Filtering},
	author = {Mingqi Yang and Wenjie Feng and Yanming Shen and Bryan Hooi},
	booktitle = {Proceedings of the 40th International Conference on Machine Learning},
	year = {2023},
}
@article{cybenko1989approximation,
	title={Approximation by superpositions of a sigmoidal function},
	author={Cybenko, George},
	journal={Mathematics of control, signals and systems},
	volume={2},
	number={4},
	pages={303--314},
	year={1989},
	publisher={Springer}
}

@article{zhang2023rethinking,
  title={Rethinking the expressive power of gnns via graph biconnectivity},
  author={Zhang, Bohang and Luo, Shengjie and Wang, Liwei and He, Di},
  journal={International Conference on Learning Representations (ICLR)},
  year={2023}
}
@article{jegelka2022theory,
  title={Theory of graph neural networks: Representation and learning},
  author={Jegelka, Stefanie},
  journal={arXiv preprint arXiv:2204.07697},
  year={2022}
}
@article{sato2020survey,
  title={A survey on the expressive power of graph neural networks},
  author={Sato, Ryoma},
  journal={arXiv preprint arXiv:2003.04078},
  year={2020}
}
@inproceedings{bodnar2021weisfeiler,
  title={Weisfeiler and lehman go topological: Message passing simplicial networks},
  author={Bodnar, Cristian and Frasca, Fabrizio and Wang, Yuguang and Otter, Nina and Montufar, Guido F and Lio, Pietro and Bronstein, Michael},
  booktitle={International Conference on Machine Learning},
  pages={1026--1037},
  year={2021},
  organization={PMLR}
}
@inproceedings{luo2022one,
	title={One Transformer Can Understand Both 2D \& 3D Molecular Data},
	author={Luo, Shengjie and Chen, Tianlang and Xu, Yixian and Zheng, Shuxin and Liu, Tie-Yan and Wang, Liwei and He, Di},
	booktitle={The Eleventh International Conference on Learning Representations},
	year={2022}
}
@article{yang2022breaking,
	title={Breaking the expression bottleneck of graph neural networks},
	author={Yang, Mingqi and Wang, Renjian and Shen, Yanming and Qi, Heng and Yin, Baocai},
	journal={IEEE Transactions on Knowledge and Data Engineering},
	year={2022},
	publisher={IEEE}
}
@inproceedings{maron2019universality,
	title={On the universality of invariant networks},
	author={Maron, Haggai and Fetaya, Ethan and Segol, Nimrod and Lipman, Yaron},
	booktitle={International conference on machine learning},
	pages={4363--4371},
	year={2019},
	organization={PMLR}
}
@article{dwivedi2020generalization,
	title={A generalization of transformer networks to graphs},
	author={Dwivedi, Vijay Prakash and Bresson, Xavier},
	journal={arXiv preprint arXiv:2012.09699},
	year={2020}
}
@inproceedings{dwivedi2021graph,
	title={Graph Neural Networks with Learnable Structural and Positional Representations},
	author={Dwivedi, Vijay Prakash and Luu, Anh Tuan and Laurent, Thomas and Bengio, Yoshua and Bresson, Xavier},
	booktitle={International Conference on Learning Representations},
	year={2021}
}
@article{cai2020note,
	title={A note on over-smoothing for graph neural networks},
	author={Cai, Chen and Wang, Yusu},
	journal={arXiv preprint arXiv:2006.13318},
	year={2020}
}
@inproceedings{zhang2022rethinking,
	title={Rethinking the Expressive Power of GNNs via Graph Biconnectivity},
	author={Zhang, Bohang and Luo, Shengjie and Wang, Liwei and He, Di},
	booktitle={The Eleventh International Conference on Learning Representations},
	year={2022}
}
@inproceedings{lim2022sign,
	title={Sign and Basis Invariant Networks for Spectral Graph Representation Learning},
	author={Lim, Derek and Robinson, Joshua David and Zhao, Lingxiao and Smidt, Tess and Sra, Suvrit and Maron, Haggai and Jegelka, Stefanie},
	booktitle={The Eleventh International Conference on Learning Representations},
	year={2022}
}
@article{ma2023graph,
	title={Graph Inductive Biases in Transformers without Message Passing},
	author={Ma, Liheng and Lin, Chen and Lim, Derek and Romero-Soriano, Adriana and Dokania, Puneet K and Coates, Mark and Torr, Philip and Lim, Ser-Nam},
	journal={arXiv preprint arXiv:2305.17589},
	year={2023}
}
@article{xu2021automorphic,
	title={Automorphic equivalence-aware graph neural network},
	author={Xu, Fengli and Yao, Quanming and Hui, Pan and Li, Yong},
	journal={Advances in Neural Information Processing Systems},
	volume={34},
	pages={15138--15150},
	year={2021}
}
@inproceedings{hussain2022global,
	title={Global self-attention as a replacement for graph convolution},
	author={Hussain, Md Shamim and Zaki, Mohammed J and Subramanian, Dharmashankar},
	booktitle={Proceedings of the 28th ACM SIGKDD Conference on Knowledge Discovery and Data Mining},
	pages={655--665},
	year={2022}
}
@inproceedings{loshchilov2018decoupled,
	title={Decoupled Weight Decay Regularization},
	author={Loshchilov, Ilya and Hutter, Frank},
	booktitle={International Conference on Learning Representations},
	year={2018}
}
@inproceedings{bo2022specformer,
	title={Specformer: Spectral Graph Neural Networks Meet Transformers},
	author={Bo, Deyu and Shi, Chuan and Wang, Lele and Liao, Renjie},
	booktitle={The Eleventh International Conference on Learning Representations},
	year={2022}
}
@inproceedings{Morris+2020,
	title={TUDataset: A collection of benchmark datasets for learning with graphs},
	author={Christopher Morris and Nils M. Kriege and Franka Bause and Kristian Kersting and Petra Mutzel and Marion Neumann},
	booktitle={ICML 2020 Workshop on Graph Representation Learning and Beyond (GRL+ 2020)},
	pages={},
	url={www.graphlearning.io},
	year={2020}
}
@inproceedings{yang2021soft,
	title={Soft-mask: Adaptive substructure extractions for graph neural networks},
	author={Yang, Mingqi and Shen, Yanming and Qi, Heng and Yin, Baocai},
	booktitle={Proceedings of the Web Conference 2021},
	pages={2058--2068},
	year={2021}
}
@article{liu2021eignn,
  title={Eignn: Efficient infinite-depth graph neural networks},
  author={Liu, Juncheng and Kawaguchi, Kenji and Hooi, Bryan and Wang, Yiwei and Xiao, Xiaokui},
  journal={Advances in Neural Information Processing Systems},
  volume={34},
  pages={18762--18773},
  year={2021}
}
@inproceedings{lingam2022piece,
  title={A piece-wise polynomial filtering approach for graph neural networks},
  author={Lingam, Vijay and Sharma, Manan and Ekbote, Chanakya and Ragesh, Rahul and Iyer, Arun and Sellamanickam, Sundararajan},
  booktitle={Joint European Conference on Machine Learning and Knowledge Discovery in Databases},
  pages={412--452},
  year={2022},
  organization={Springer}
}
@article{he2022convolutional,
  title={Convolutional neural networks on graphs with chebyshev approximation, revisited},
  author={He, Mingguo and Wei, Zhewei and Wen, Ji-Rong},
  journal={Advances in Neural Information Processing Systems},
  volume={35},
  pages={7264--7276},
  year={2022}
}
@inproceedings{geerts2022expressiveness,
  title={Expressiveness and approximation properties of graph neural networks},
  author={Geerts, Floris and Reutter, Juan},
  booktitle={The Tenth International Conference on Learning Representations (ICLR 2022), 25 April 2022 (online event)},
  pages={1--43},
  year={2022}
}
@inproceedings{dong2021adagnn,
  title={Adagnn: Graph neural networks with adaptive frequency response filter},
  author={Dong, Yushun and Ding, Kaize and Jalaian, Brian and Ji, Shuiwang and Li, Jundong},
  booktitle={Proceedings of the 30th ACM International Conference on Information \& Knowledge Management},
  pages={392--401},
  year={2021}
}


@inproceedings{DBLP:conf/innovations/DworkHPRZ12,
  author={Dwork, Cynthia and Hardt, Moritz and Pitassi, Toniann and Reingold, Omer and Zemel, Richard},
  title     = {Fairness through awareness},
  booktitle = {ITCS},
  pages={214--226},
  year      = {2012}
}
@inproceedings{DBLP:conf/nips/HardtPNS16,
  author={Hardt, Moritz and Price, Eric and Srebro, Nati},
  title     = {Equality of Opportunity in Supervised Learning},
  booktitle = {NeurIPS},
  volume={29},
  year      = {2016}
}
@inproceedings{wu2019counterfactual,
  title={Counterfactual fairness: Unidentification, bound and algorithm},
  author={Wu, Yongkai and Zhang, Lu and Wu, Xintao},
  booktitle={Proceedings of the twenty-eighth international joint conference on Artificial Intelligence},
  year={2019}
}
@article{mehrabi2021survey,
  title={A survey on bias and fairness in machine learning},
  author={Mehrabi, Ninareh and Morstatter, Fred and Saxena, Nripsuta and Lerman, Kristina and Galstyan, Aram},
  journal={ACM computing surveys (CSUR)},
  volume={54},
  number={6},
  pages={1--35},
  year={2021},
  publisher={ACM New York, NY, USA}
}
@article{du2020fairness,
  title={Fairness in deep learning: A computational perspective},
  author={Du, Mengnan and Yang, Fan and Zou, Na and Hu, Xia},
  journal={IEEE Intelligent Systems},
  volume={36},
  number={4},
  pages={25--34},
  year={2020},
  publisher={IEEE}
}
@article{berk2021fairness,
  title={Fairness in criminal justice risk assessments: The state of the art},
  author={Berk, Richard and Heidari, Hoda and Jabbari, Shahin and Kearns, Michael and Roth, Aaron},
  journal={Sociological Methods \& Research},
  volume={50},
  number={1},
  pages={3--44},
  year={2021},
  publisher={Sage Publications Sage CA: Los Angeles, CA}
}

@inproceedings{dong2021individual,
  title={Individual fairness for graph neural networks: A ranking based approach},
  author={Dong, Yushun and Kang, Jian and Tong, Hanghang and Li, Jundong},
  booktitle={Proceedings of the 27th ACM SIGKDD Conference on Knowledge Discovery \& Data Mining},
  pages={300--310},
  year={2021}
}

@inproceedings{dai2021say,
  title={Say no to the discrimination: Learning fair graph neural networks with limited sensitive attribute information},
  author={Dai, Enyan and Wang, Suhang},
  booktitle={WSDM},
  pages     = {680--688},
  year={2021}
}
@article{DBLP:journals/pvldb/LahotiGW19,
  author    = {Preethi Lahoti and
               Krishna P. Gummadi and
               Gerhard Weikum},
  title     = {Operationalizing Individual Fairness with Pairwise Fair Representations},
  journal   = {VLDB},
  volume    = {13},
  number    = {4},
  pages     = {506--518},
  year      = {2019}
}
@inproceedings{ling2022learning,
  title={Learning fair graph representations via automated data augmentations},
  author={Ling, Hongyi and Jiang, Zhimeng and Luo, Youzhi and Ji, Shuiwang and Zou, Na},
  booktitle={The Eleventh International Conference on Learning Representations},
  year={2022}
}
@article{dong2023fairness,
  title={Fairness in graph mining: A survey},
  author={Dong, Yushun and Ma, Jing and Wang, Song and Chen, Chen and Li, Jundong},
  journal={IEEE Transactions on Knowledge and Data Engineering},
  year={2023},
  publisher={IEEE}
}
@inproceedings{ma2022learning,
  title={Learning fair node representations with graph counterfactual fairness},
  author={Ma, Jing and Guo, Ruocheng and Wan, Mengting and Yang, Longqi and Zhang, Aidong and Li, Jundong},
  booktitle={Proceedings of the Fifteenth ACM International Conference on Web Search and Data Mining},
  pages={695--703},
  year={2022}
}
@inproceedings{wang2022improving,
  title={Improving fairness in graph neural networks via mitigating sensitive attribute leakage},
  author={Wang, Yu and Zhao, Yuying and Dong, Yushun and Chen, Huiyuan and Li, Jundong and Derr, Tyler},
  booktitle={Proceedings of the 28th ACM SIGKDD Conference on Knowledge Discovery and Data Mining},
  pages={1938--1948},
  year={2022}
}
@inproceedings{ying2018graph,
  title={Graph convolutional neural networks for web-scale recommender systems},
  author={Ying, Rex and He, Ruining and Chen, Kaifeng and Eksombatchai, Pong and Hamilton, William L and Leskovec, Jure},
  booktitle={Proceedings of the 24th ACM SIGKDD international conference on knowledge discovery \& data mining},
  pages={974--983},
  year={2018}
}
@inproceedings{ijcai2017p250,
  author    = {Takuo Hamaguchi and Hidekazu Oiwa and Masashi Shimbo and Yuji Matsumoto},
  title     = {Knowledge Transfer for Out-of-Knowledge-Base Entities : A Graph Neural Network Approach},
  booktitle = {Proceedings of the Twenty-Sixth International Joint Conference on
               Artificial Intelligence, {IJCAI-17}},
  pages     = {1802--1808},
  year      = {2017},
  doi       = {10.24963/ijcai.2017/250},
  url       = {https://doi.org/10.24963/ijcai.2017/250},
}
@article{zhang2022fairness,
  title={Fairness amidst non-iid graph data: Current achievements and future directions},
  author={Zhang, Wenbin and Pan, Shimei and Zhou, Shuigeng and Walsh, Toby and Weiss, Jeremy C},
  journal={arXiv preprint arXiv:2202.07170},
  year={2022}
}
@article{dai2022comprehensive,
  title={A comprehensive survey on trustworthy graph neural networks: Privacy, robustness, fairness, and explainability},
  author={Dai, Enyan and Zhao, Tianxiang and Zhu, Huaisheng and Xu, Junjie and Guo, Zhimeng and Liu, Hui and Tang, Jiliang and Wang, Suhang},
  journal={arXiv preprint arXiv:2204.08570},
  year={2022}
}
@article{kose2021fairness,
  title={Fairness-aware node representation learning},
  author={K{\"o}se, {\"O}yk{\"u} Deniz and Shen, Yanning},
  journal={arXiv preprint arXiv:2106.05391},
  year={2021}
}
@inproceedings{dong2022edits,
  title={Edits: Modeling and mitigating data bias for graph neural networks},
  author={Dong, Yushun and Liu, Ninghao and Jalaian, Brian and Li, Jundong},
  booktitle={Proceedings of the ACM Web Conference 2022},
  pages={1259--1269},
  year={2022}
}
@article{kose2023fairness,
  title={Fairness-aware Optimal Graph Filter Design},
  author={Kose, O Deniz and Shen, Yanning and Mateos, Gonzalo},
  journal={arXiv preprint arXiv:2310.14432},
  year={2023}
}
@article{rahman2019fairwalk,
  title={Fairwalk: Towards fair graph embedding},
  author={Rahman, Tahleen and Surma, Bartlomiej and Backes, Michael and Zhang, Yang},
  year={2019}
}
@article{yeh2009comparisons,
  title={The comparisons of data mining techniques for the predictive accuracy of probability of default of credit card clients},
  author={Yeh, I-Cheng and Lien, Che-hui},
  journal={Expert systems with applications},
  volume={36},
  number={2},
  pages={2473--2480},
  year={2009},
  publisher={Elsevier}
}
@misc{dua2017uci,
  title={UCI machine learning repository},
  author={Dheeru, Dua and Casey, Graff},
  year={2017}
}
@inproceedings{takac2012data,
  title={Data analysis in public social networks},
  author={Takac, Lubos and Zabovsky, Michal},
  booktitle={International scientific conference and international workshop present day trends of innovations},
  volume={1},
  number={6},
  year={2012}
}
@inproceedings{agarwal2021towards,
  title={Towards a unified framework for fair and stable graph representation learning},
  author={Agarwal, Chirag and Lakkaraju, Himabindu and Zitnik, Marinka},
  booktitle={Uncertainty in Artificial Intelligence},
  pages={2114--2124},
  year={2021},
  organization={PMLR}
}
@article{jordan2015effect,
  title={The effect of race/ethnicity on sentencing: Examining sentence type, jail length, and prison length},
  author={Jordan, Kareem L and Freiburger, Tina L},
  journal={Journal of Ethnicity in Criminal Justice},
  volume={13},
  number={3},
  pages={179--196},
  year={2015},
  publisher={Taylor \& Francis}
}
@article{jiang2023chasing,
  title={Chasing Fairness in Graphs: A GNN Architecture Perspective},
  author={Jiang, Zhimeng and Han, Xiaotian and Fan, Chao and Liu, Zirui and Zou, Na and Mostafavi, Ali and Hu, Xia},
  journal={arXiv preprint arXiv:2312.12369},
  year={2023}
}
@inproceedings{zeng2021fair,
  title={Fair representation learning for heterogeneous information networks},
  author={Zeng, Ziqian and Islam, Rashidul and Keya, Kamrun Naher and Foulds, James and Song, Yangqiu and Pan, Shimei},
  booktitle={Proceedings of the International AAAI Conference on Web and Social Media},
  volume={15},
  pages={877--887},
  year={2021}
}
@article{franco2022deep,
  title={Deep fair models for complex data: Graphs labeling and explainable face recognition},
  author={Franco, Danilo and Navarin, Nicolo and Donini, Michele and Anguita, Davide and Oneto, Luca},
  journal={Neurocomputing},
  volume={470},
  pages={318--334},
  year={2022},
  publisher={Elsevier}
}
@article{navarin2020learning,
  title={Learning deep fair graph neural networks},
  author={Navarin, Nicolo and Oneto, Luca and Donini, Michele},
  year={2020}
}
@inproceedings{wang2022unbiased,
  title={Unbiased graph embedding with biased graph observations},
  author={Wang, Nan and Lin, Lu and Li, Jundong and Wang, Hongning},
  booktitle={Proceedings of the ACM Web Conference 2022},
  pages={1423--1433},
  year={2022}
}
@article{yao2017beyond,
  title={Beyond parity: Fairness objectives for collaborative filtering},
  author={Yao, Sirui and Huang, Bert},
  journal={Advances in neural information processing systems},
  volume={30},
  year={2017}
}
@article{rahmattalabi2019exploring,
  title={Exploring algorithmic fairness in robust graph covering problems},
  author={Rahmattalabi, Aida and Vayanos, Phebe and Fulginiti, Anthony and Rice, Eric and Wilder, Bryan and Yadav, Amulya and Tambe, Milind},
  journal={Advances in neural information processing systems},
  volume={32},
  year={2019}
}
@inproceedings{jiang2022generalized,
  title={Generalized demographic parity for group fairness},
  author={Jiang, Zhimeng and Han, Xiaotian and Fan, Chao and Yang, Fan and Mostafavi, Ali and Hu, Xia},
  booktitle={International Conference on Learning Representations},
  year={2022}
}
@inproceedings{ma2021unified,
	title={A unified view on graph neural networks as graph signal denoising},
	author={Ma, Yao and Liu, Xiaorui and Zhao, Tong and Liu, Yozen and Tang, Jiliang and Shah, Neil},
	booktitle={Proceedings of the 30th ACM International Conference on Information \& Knowledge Management},
	pages={1202--1211},
	year={2021}
}
@article{zhu2023fairness,
	title={Fairness-aware Message Passing for Graph Neural Networks},
	author={Zhu, Huaisheng and Fu, Guoji and Guo, Zhimeng and Zhang, Zhiwei and Xiao, Teng and Wang, Suhang},
	journal={arXiv preprint arXiv:2306.11132},
	year={2023}
}
@article{xing2024less,
	title={Less is More: on the Over-Globalizing Problem in Graph Transformers},
	author={Xing, Yujie and Wang, Xiao and Li, Yibo and Huang, Hai and Shi, Chuan},
	journal={arXiv preprint arXiv:2405.01102},
	year={2024}
}
@inproceedings{xu2021optimization,
	title={Optimization of graph neural networks: Implicit acceleration by skip connections and more depth},
	author={Xu, Keyulu and Zhang, Mozhi and Jegelka, Stefanie and Kawaguchi, Kenji},
	booktitle={International Conference on Machine Learning},
	pages={11592--11602},
	year={2021},
	organization={PMLR}
}